% Encoding: UTF-8

@Book{gelie,
  author     = {格涅坚科},
  publisher  = {高等教育出版社},
  title      = {概率论教程},
  year       = {1956},
  address    = {北京},
  key        = {ge2  nie4  jian1  ke1},
  translator = {丁寿田},
}

@Book{weilian,
  author     = {威廉\textbullet 费勒},
  publisher  = {科学出版社},
  title      = {概率论及其应用},
  year       = {1964},
  address    = {北京},
  key        = {wei1  lian2  fei4  le1},
  translator = {吴迪鹤 ，林向清 },
}

@Book{lixianping,
  author     = {李贤平},
  publisher  = {高等教育出版社},
  title      = {概率论及其应用},
  year       = {1997},
  address    = {北京},
  key        = {li3  xian2 ping2},
}

@Book{maoshisong,
  author     = {茆诗松等},
  publisher  = {中国统计出版社},
  title      = {概率论基础（第二版）},
  year       = {2000},
  address    = {北京},
  key        = {mao3 shi1 song1},
}

@Book{chenxiru,
  author     = {陈希孺},
  publisher  = {科学出版社},
  title      = {概率论与数理统计（第二版）},
  year       = {2002},
  address    = {北京},
  key        = {chen2 xi1 ru1},
}

@Comment{jabref-meta: databaseType:bibtex;}
